% zdroj na webe
@misc{Gee,
	author = "JAMES PAUL GEE, University of Wisconsin-Madison",
	title = "What Video Games Have to Teach Us About Learning and Literacy",
	month = nov,
	year = 2003,
	howpublished = "\url{https://citeseerx.ist.psu.edu/pdf/ff1764920c3a523fe4219f490f247669e9703110}",
}

@misc{Ypsilanti,
	author = "Antonia Ypsilanti and Ana B. Vivas and Teppo Räisänen and Matti Viitala and Tuula Ijäs and Donald Ropes",
	title = "Are serious video games something more than a game? A
review on the effectiveness of serious games to facilitate
intergenerational learning",
	month = apr,
	year = 2014,
	howpublished = "\url{https://link.springer.com/content/pdf/10.1007/s10639-014-9325-9.pdf}",
}